@ARTICLE{Hinkel2014,
   author = {{Hinkel}, N.~R. and {Timmes}, F.~X. and {Young}, P.~A. and {Pagano}, M.~D. and 
	{Turnbull}, M.~C.},
    title = "{Stellar Abundances in the Solar Neighborhood: The Hypatia Catalog}",
  journal = {\aj},
archivePrefix = "arXiv",
   eprint = {1405.6719},
 primaryClass = "astro-ph.SR",
 keywords = {catalogs, planetary systems, solar neighborhood, stars: abundances, stars: fundamental parameters },
     year = 2014,
    month = sep,
   volume = 148,
      eid = {54},
    pages = {54},
      doi = {10.1088/0004-6256/148/3/54},
   adsurl = {http://adsabs.harvard.edu/abs/2014AJ....148...54H},
  adsnote = {Provided by the SAO/NASA Astrophysics Data System}
}

@ARTICLE{BJ2013,
   author = {{Bailer-Jones}, C.~A.~L. and {Andrae}, R. and {Arcay}, B. and 
	{Astraatmadja}, T. and {Bellas-Velidis}, I. and {Berihuete}, A. and 
	{Bijaoui}, A. and {Carri{\'o}n}, C. and {Dafonte}, C. and {Damerdji}, Y. and 
	{Dapergolas}, A. and {de Laverny}, P. and {Delchambre}, L. and 
	{Drazinos}, P. and {Drimmel}, R. and {Fr{\'e}mat}, Y. and {Fustes}, D. and 
	{Garc{\'{\i}}a-Torres}, M. and {Gu{\'e}d{\'e}}, C. and {Heiter}, U. and 
	{Janotto}, A.-M. and {Karampelas}, A. and {Kim}, D.-W. and {Knude}, J. and 
	{Kolka}, I. and {Kontizas}, E. and {Kontizas}, M. and {Korn}, A.~J. and 
	{Lanzafame}, A.~C. and {Lebreton}, Y. and {Lindstr{\o}m}, H. and 
	{Liu}, C. and {Livanou}, E. and {Lobel}, A. and {Manteiga}, M. and 
	{Martayan}, C. and {Ordenovic}, C. and {Pichon}, B. and {Recio-Blanco}, A. and 
	{Rocca-Volmerange}, B. and {Sarro}, L.~M. and {Smith}, K. and 
	{Sordo}, R. and {Soubiran}, C. and {Surdej}, J. and {Th{\'e}venin}, F. and 
	{Tsalmantza}, P. and {Vallenari}, A. and {Zorec}, J.},
    title = "{The Gaia astrophysical parameters inference system (Apsis). Pre-launch description}",
  journal = {\aap},
archivePrefix = "arXiv",
   eprint = {1309.2157},
 primaryClass = "astro-ph.IM",
 keywords = {galaxies: fundamental parameters, methods: data analysis, methods:, statistical, stars: fundamental parameters, surveys},
     year = 2013,
    month = nov,
   volume = 559,
      eid = {A74},
    pages = {A74},
      doi = {10.1051/0004-6361/201322344},
   adsurl = {http://adsabs.harvard.edu/abs/2013A\%26A...559A..74B},
  adsnote = {Provided by the SAO/NASA Astrophysics Data System}
}




@ARTICLE{AP1999,
   author = {{Allende Prieto}, C. and {Garc{\'{\i}}a L{\'o}pez}, R.~J. and 
	{Lambert}, D.~L. and {Gustafsson}, B.},
    title = "{A Consistency Test of Spectroscopic Gravities for Late-Type Stars}",
  journal = {\apj},
   eprint = {astro-ph/9907155},
 keywords = {STARS: ABUNDANCES, STARS: ATMOSPHERES, STARS: FUNDAMENTAL PARAMETERS, STARS: LATE-TYPE, Stars: Abundances, Stars: Atmospheres, Stars: Fundamental Parameters, Stars: Late-Type},
     year = 1999,
    month = dec,
   volume = 527,
    pages = {879-892},
      doi = {10.1086/308096},
   adsurl = {http://adsabs.harvard.edu/abs/1999ApJ...527..879A},
  adsnote = {Provided by the SAO/NASA Astrophysics Data System}
}

@ARTICLE{Zaso2013,
   author = {{Zasowski}, G. and {Johnson}, J.~A. and {Frinchaboy}, P.~M. and 
	{Majewski}, S.~R. and {Nidever}, D.~L. and {Rocha Pinto}, H.~J. and 
	{Girardi}, L. and {Andrews}, B. and {Chojnowski}, S.~D. and 
	{Cudworth}, K.~M. and {Jackson}, K. and {Munn}, J. and {Skrutskie}, M.~F. and 
	{Beaton}, R.~L. and {Blake}, C.~H. and {Covey}, K. and {Deshpande}, R. and 
	{Epstein}, C. and {Fabbian}, D. and {Fleming}, S.~W. and {Garcia Hernandez}, D.~A. and 
	{Herrero}, A. and {Mahadevan}, S. and {M{\'e}sz{\'a}ros}, S. and 
	{Schultheis}, M. and {Sellgren}, K. and {Terrien}, R. and {van Saders}, J. and 
	{Allende Prieto}, C. and {Bizyaev}, D. and {Burton}, A. and 
	{Cunha}, K. and {da Costa}, L.~N. and {Hasselquist}, S. and 
	{Hearty}, F. and {Holtzman}, J. and {Garc{\'{\i}}a P{\'e}rez}, A.~E. and 
	{Maia}, M.~A.~G. and {O'Connell}, R.~W. and {O'Donnell}, C. and 
	{Pinsonneault}, M. and {Santiago}, B.~X. and {Schiavon}, R.~P. and 
	{Shetrone}, M. and {Smith}, V. and {Wilson}, J.~C.},
    title = "{Target Selection for the Apache Point Observatory Galactic Evolution Experiment (APOGEE)}",
  journal = {\aj},
archivePrefix = "arXiv",
   eprint = {1308.0351},
 primaryClass = "astro-ph.GA",
 keywords = {Galaxy: abundances, Galaxy: kinematics and dynamics, stars: general, surveys },
     year = 2013,
    month = oct,
   volume = 146,
      eid = {81},
    pages = {81},
      doi = {10.1088/0004-6256/146/4/81},
   adsurl = {http://adsabs.harvard.edu/abs/2013AJ....146...81Z},
  adsnote = {Provided by the SAO/NASA Astrophysics Data System}
}

@ARTICLE{Kord2013,
   author = {{Kordopatis}, G. and {Gilmore}, G. and {Steinmetz}, M. and {Boeche}, C. and 
	{Seabroke}, G.~M. and {Siebert}, A. and {Zwitter}, T. and {Binney}, J. and 
	{de Laverny}, P. and {Recio-Blanco}, A. and {Williams}, M.~E.~K. and 
	{Piffl}, T. and {Enke}, H. and {Roeser}, S. and {Bijaoui}, A. and 
	{Wyse}, R.~F.~G. and {Freeman}, K. and {Munari}, U. and {Carrillo}, I. and 
	{Anguiano}, B. and {Burton}, D. and {Campbell}, R. and {Cass}, C.~J.~P. and 
	{Fiegert}, K. and {Hartley}, M. and {Parker}, Q.~A. and {Reid}, W. and 
	{Ritter}, A. and {Russell}, K.~S. and {Stupar}, M. and {Watson}, F.~G. and 
	{Bienaym{\'e}}, O. and {Bland-Hawthorn}, J. and {Gerhard}, O. and 
	{Gibson}, B.~K. and {Grebel}, E.~K. and {Helmi}, A. and {Navarro}, J.~F. and 
	{Conrad}, C. and {Famaey}, B. and {Faure}, C. and {Just}, A. and 
	{Kos}, J. and {Matijevi{\v c}}, G. and {McMillan}, P.~J. and 
	{Minchev}, I. and {Scholz}, R. and {Sharma}, S. and {Siviero}, A. and 
	{de Boer}, E.~W. and {{\v Z}erjal}, M.},
    title = "{The Radial Velocity Experiment (RAVE): Fourth Data Release}",
  journal = {\aj},
archivePrefix = "arXiv",
   eprint = {1309.4284},
 primaryClass = "astro-ph.GA",
 keywords = {catalogs, stars: abundances, stars: fundamental parameters, surveys, techniques: spectroscopic },
     year = 2013,
    month = nov,
   volume = 146,
      eid = {134},
    pages = {134},
      doi = {10.1088/0004-6256/146/5/134},
   adsurl = {http://adsabs.harvard.edu/abs/2013AJ....146..134K},
  adsnote = {Provided by the SAO/NASA Astrophysics Data System}
}



@ARTICLE{Meszaros2013,
   author = {{M{\'e}sz{\'a}ros}, S. and {Holtzman}, J. and {Garc{\'{\i}}a P{\'e}rez}, A.~E. and 
	{Allende Prieto}, C. and {Schiavon}, R.~P. and {Basu}, S. and 
	{Bizyaev}, D. and {Chaplin}, W.~J. and {Chojnowski}, S.~D. and 
	{Cunha}, K. and {Elsworth}, Y. and {Epstein}, C. and {Frinchaboy}, P.~M. and 
	{Garc{\'{\i}}a}, R.~A. and {Hearty}, F.~R. and {Hekker}, S. and 
	{Johnson}, J.~A. and {Kallinger}, T. and {Koesterke}, L. and 
	{Majewski}, S.~R. and {Martell}, S.~L. and {Nidever}, D. and 
	{Pinsonneault}, M.~H. and {O'Connell}, J. and {Shetrone}, M. and 
	{Smith}, V.~V. and {Wilson}, J.~C. and {Zasowski}, G.},
    title = "{Calibrations of Atmospheric Parameters Obtained from the First Year of SDSS-III APOGEE Observations}",
  journal = {\aj},
archivePrefix = "arXiv",
   eprint = {1308.6617},
 primaryClass = "astro-ph.SR",
 keywords = {stars: abundances, stars: fundamental parameters, surveys },
     year = 2013,
    month = nov,
   volume = 146,
      eid = {133},
    pages = {133},
      doi = {10.1088/0004-6256/146/5/133},
   adsurl = {http://adsabs.harvard.edu/abs/2013AJ....146..133M},
  adsnote = {Provided by the SAO/NASA Astrophysics Data System}
}

@ARTICLE{Ahn2014,
   author = {{Ahn}, C.~P. and {Alexandroff}, R. and {Allende Prieto}, C. and 
	{Anders}, F. and {Anderson}, S.~F. and {Anderton}, T. and {Andrews}, B.~H. and 
	{Aubourg}, {\'E}. and {Bailey}, S. and {Bastien}, F.~A. and et al.},
    title = "{The Tenth Data Release of the Sloan Digital Sky Survey: First Spectroscopic Data from the SDSS-III Apache Point Observatory Galactic Evolution Experiment}",
  journal = {\apjs},
archivePrefix = "arXiv",
   eprint = {1307.7735},
 primaryClass = "astro-ph.IM",
 keywords = {atlases, catalogs, surveys },
     year = 2014,
    month = apr,
   volume = 211,
      eid = {17},
    pages = {17},
      doi = {10.1088/0067-0049/211/2/17},
   adsurl = {http://adsabs.harvard.edu/abs/2014ApJS..211...17A},
  adsnote = {Provided by the SAO/NASA Astrophysics Data System}
}


@ARTICLE{Freeman2013,
   author = {{Freeman}, K. and {Ness}, M. and {Wylie-de-Boer}, E. and {Athanassoula}, E. and 
	{Bland-Hawthorn}, J. and {Asplund}, M. and {Lewis}, G. and {Yong}, D. and 
	{Lane}, R. and {Kiss}, L. and {Ibata}, R.},
    title = "{ARGOS - II. The Galactic bulge survey}",
  journal = {\mnras},
archivePrefix = "arXiv",
   eprint = {1212.1541},
 primaryClass = "astro-ph.GA",
 keywords = {Galaxy: bulge, Galaxy: evolution, Galaxy: formation, Galaxy: kinematics and dynamics, stars: abundances},
     year = 2013,
    month = feb,
   volume = 428,
    pages = {3660-3670},
      doi = {10.1093/mnras/sts305},
   adsurl = {http://adsabs.harvard.edu/abs/2013MNRAS.428.3660F},
  adsnote = {Provided by the SAO/NASA Astrophysics Data System}
}


@INPROCEEDINGS{Freeman2012,
   author = {{Freeman}, K.~C.},
    title = "{The HERMES Project: Reconstructing Galaxy Formation}",
booktitle = {Galactic Archaeology: Near-Field Cosmology and the Formation of the Milky Way},
     year = 2012,
   series = {Astronomical Society of the Pacific Conference Series},
   volume = 458,
   editor = {{Aoki}, W. and {Ishigaki}, M. and {Suda}, T. and {Tsujimoto}, T. and 
	{Arimoto}, N.},
    month = aug,
    pages = {393},
   adsurl = {http://adsabs.harvard.edu/abs/2012ASPC..458..393F},
  adsnote = {Provided by the SAO/NASA Astrophysics Data System}
}


@INPROCEEDINGS{Newberg2012,
   author = {{Newberg}, H.~J. and {Carlin}, J.~L. and {Chen}, L. and {Deng}, L. and 
	{L{\'e}pine}, S. and {Liu}, X. and {Yang}, F. and {Yuan}, H.-B. and 
	{Zhang}, H. and {Zhang}, Y. and {Legue Working Group} and {Lamost-Plus Partnership}
	},
    title = "{The LAMOST Spectroscopic Survey of Milky Way Stars (LEGUE)}",
booktitle = {Galactic Archaeology: Near-Field Cosmology and the Formation of the Milky Way},
     year = 2012,
   series = {Astronomical Society of the Pacific Conference Series},
   volume = 458,
   editor = {{Aoki}, W. and {Ishigaki}, M. and {Suda}, T. and {Tsujimoto}, T. and 
	{Arimoto}, N.},
    month = aug,
    pages = {405},
   adsurl = {http://adsabs.harvard.edu/abs/2012ASPC..458..405N},
  adsnote = {Provided by the SAO/NASA Astrophysics Data System}
}



@ARTICLE{deB2012,
   author = {{de Bruijne}, J.~H.~J.},
    title = "{Science performance of Gaia, ESA's space-astrometry mission}",
  journal = {\apss},
archivePrefix = "arXiv",
   eprint = {1201.3238},
 primaryClass = "astro-ph.IM",
 keywords = {Astrometry, Photometry, Spectroscopy, CCD, Telescope, Data reduction, Calibration},
     year = 2012,
    month = sep,
   volume = 341,
    pages = {31-41},
      doi = {10.1007/s10509-012-1019-4},
   adsurl = {http://adsabs.harvard.edu/abs/2012Ap%26SS.341...31D},
  adsnote = {Provided by the SAO/NASA Astrophysics Data System}
}



@ARTICLE{Gilmore2012,
   author = {{Gilmore}, G. and {Randich}, S. and {Asplund}, M. and {Binney}, J. and 
	{Bonifacio}, P. and {Drew}, J. and {Feltzing}, S. and {Ferguson}, A. and 
	{Jeffries}, R. and {Micela}, G. and {Negueruela}, I. and {Prusti}, T. and 
	{Rix}, H.-W. and {Vallenari}, A. and {Alfaro}, E. and {Allende-Prieto}, C. and 
	{Babusiaux}, C. and {Bensby}, T. and {Blomme}, R. and {Bragaglia}, A. and 
	{Flaccomio}, E. and {Fran{\c c}ois}, P. and {Irwin}, M. and 
	{Koposov}, S. and {Korn}, A. and {Lanzafame}, A. and {Pancino}, E. and 
	{Paunzen}, E. and {Recio-Blanco}, A. and {Sacco}, G. and {Smiljanic}, R. and 
	{Van Eck}, S. and {Walton}, N.},
    title = "{The Gaia-ESO Public Spectroscopic Survey}",
  journal = {The Messenger},
     year = 2012,
    month = mar,
   volume = 147,
    pages = {25-31},
   adsurl = {http://adsabs.harvard.edu/abs/2012Msngr.147...25G},
  adsnote = {Provided by the SAO/NASA Astrophysics Data System}
}

@ARTICLE{SB2014,
   author = {{Sch{\"o}nrich}, R. and {Bergemann}, M.},
    title = "{Fundamental stellar parameters and metallicities from Bayesian spectroscopy: application to low- and high-resolution spectra}",
  journal = {\mnras},
archivePrefix = "arXiv",
   eprint = {1311.5558},
 primaryClass = "astro-ph.SR",
 keywords = {methods: data analysis, methods: statistical, techniques: photometric, techniques: spectroscopic, stars: distances, stars: fundamental parameters},
     year = 2014,
    month = sep,
   volume = 443,
    pages = {698-717},
      doi = {10.1093/mnras/stu1072},
   adsurl = {http://adsabs.harvard.edu/abs/2014MNRAS.443..698S},
  adsnote = {Provided by the SAO/NASA Astrophysics Data System}
}




@ARTICLE{Steinmetz2006,
   author = {{Steinmetz}, M. and {Zwitter}, T. and {Siebert}, A. and {Watson}, F.~G. and 
	{Freeman}, K.~C. and {Munari}, U. and {Campbell}, R. and {Williams}, M. and 
	{Seabroke}, G.~M. and {Wyse}, R.~F.~G. and {Parker}, Q.~A. and 
	{Bienaym{\'e}}, O. and {Roeser}, S. and {Gibson}, B.~K. and 
	{Gilmore}, G. and {Grebel}, E.~K. and {Helmi}, A. and {Navarro}, J.~F. and 
	{Burton}, D. and {Cass}, C.~J.~P. and {Dawe}, J.~A. and {Fiegert}, K. and 
	{Hartley}, M. and {Russell}, K.~S. and {Saunders}, W. and {Enke}, H. and 
	{Bailin}, J. and {Binney}, J. and {Bland-Hawthorn}, J. and {Boeche}, C. and 
	{Dehnen}, W. and {Eisenstein}, D.~J. and {Evans}, N.~W. and 
	{Fiorucci}, M. and {Fulbright}, J.~P. and {Gerhard}, O. and 
	{Jauregi}, U. and {Kelz}, A. and {Mijovi{\'c}}, L. and {Minchev}, I. and 
	{Parmentier}, G. and {Pe{\~n}arrubia}, J. and {Quillen}, A.~C. and 
	{Read}, M.~A. and {Ruchti}, G. and {Scholz}, R.-D. and {Siviero}, A. and 
	{Smith}, M.~C. and {Sordo}, R. and {Veltz}, L. and {Vidrih}, S. and 
	{von Berlepsch}, R. and {Boyle}, B.~J. and {Schilbach}, E.},
    title = "{The Radial Velocity Experiment (RAVE): First Data Release}",
  journal = {\aj},
   eprint = {astro-ph/0606211},
 keywords = {Catalogs, Stars: Fundamental Parameters, Surveys},
     year = 2006,
    month = oct,
   volume = 132,
    pages = {1645-1668},
      doi = {10.1086/506564},
   adsurl = {http://adsabs.harvard.edu/abs/2006AJ....132.1645S},
  adsnote = {Provided by the SAO/NASA Astrophysics Data System}
}


@INPROCEEDINGS{Lee2006,
   author = {{Lee}, Y.~S. and {Beers}, T.~C. and {Sivarani}, T. and {Wilhelm}, R. and 
	{Allende Prieto}, C. and {Norris}, J.~E. and {Fiorentin}, P.~R. and 
	{Bailer-Jones}, C.~A. and {SEGUE Calibration Team}},
    title = "{The SDSS-II/SEGUE Spectroscopic Parameter Pipeline}",
booktitle = {American Astronomical Society Meeting Abstracts},
     year = 2006,
   series = {Bulletin of the American Astronomical Society},
   volume = 38,
    month = dec,
    pages = {168.15},
   adsurl = {http://adsabs.harvard.edu/abs/2006AAS...20916815L},
  adsnote = {Provided by the SAO/NASA Astrophysics Data System}
}


@ARTICLE{Beers2006,
   author = {{Beers}, T.~C. and {Lee}, Y. and {Sivarani}, T. and {Allende Prieto}, C. and 
	{Wilhelm}, R. and {Fiorentin}, P.~R. and {Bailer-Jones}, C. and 
	{Norris}, J.~E. and {SEGUE Calibration Team}},
    title = "{The SDSS-I Value-Added Catalog of stellar parameters and the SEGUE pipeline.}",
  journal = {\memsai},
 keywords = {Stars: abundances, Stars: Population II, Galaxy: abundance},
     year = 2006,
   volume = 77,
    pages = {1171},
   adsurl = {http://adsabs.harvard.edu/abs/2006MmSAI..77.1171B},
  adsnote = {Provided by the SAO/NASA Astrophysics Data System}
}


@ARTICLE{Boeche2011,
   author = {{Boeche}, C. and {Siebert}, A. and {Williams}, M. and {de Jong}, R.~S. and 
	{Steinmetz}, M. and {Fulbright}, J.~P. and {Ruchti}, G.~R. and 
	{Bienaym{\'e}}, O. and {Bland-Hawthorn}, J. and {Campbell}, R. and 
	{Freeman}, K.~C. and {Gibson}, B.~K. and {Gilmore}, G. and {Grebel}, E.~K. and 
	{Helmi}, A. and {Munari}, U. and {Navarro}, J.~F. and {Parker}, Q.~A. and 
	{Reid}, W. and {Seabroke}, G.~M. and {Siviero}, A. and {Watson}, F.~G. and 
	{Wyse}, R.~F.~G. and {Zwitter}, T.},
    title = "{The RAVE Catalog of Stellar Elemental Abundances: First Data Release}",
  journal = {\aj},
archivePrefix = "arXiv",
   eprint = {1109.5670},
 primaryClass = "astro-ph.GA",
 keywords = {catalogs, Galaxy: abundances, Galaxy: evolution, stars: abundances, surveys, techniques: spectroscopic},
     year = 2011,
    month = dec,
   volume = 142,
      eid = {193},
    pages = {193},
      doi = {10.1088/0004-6256/142/6/193},
   adsurl = {http://adsabs.harvard.edu/abs/2011AJ....142..193B},
  adsnote = {Provided by the SAO/NASA Astrophysics Data System}
}



@ARTICLE{Schlafly2011,
   author = {{Schlafly}, E.~F. and {Finkbeiner}, D.~P.},
    title = "{Measuring Reddening with Sloan Digital Sky Survey Stellar Spectra and Recalibrating SFD}",
  journal = {\apj},
archivePrefix = "arXiv",
   eprint = {1012.4804},
 primaryClass = "astro-ph.GA",
 keywords = {dust, extinction, Galaxy: stellar content, ISM: clouds},
     year = 2011,
    month = aug,
   volume = 737,
      eid = {103},
    pages = {103},
      doi = {10.1088/0004-637X/737/2/103},
   adsurl = {http://adsabs.harvard.edu/abs/2011ApJ...737..103S},
  adsnote = {Provided by the SAO/NASA Astrophysics Data System}
}



@ARTICLE{bovy2014,
   author = {{Bovy}, J. and {Nidever}, D.~L. and {Rix}, H.-W. and {Girardi}, L. and 
	{Zasowski}, G. and {Chojnowski}, S.~D. and {Holtzman}, J. et. al. },
    title = "{The APOGEE Red-clump Catalog: Precise Distances, Velocities, and High-resolution Elemental Abundances over a Large Area of the Milky Way's Disk}",
  journal = {\apj},
archivePrefix = "arXiv",
   eprint = {1405.1032},
 keywords = {Galaxy: abundances, Galaxy: disk, Galaxy: stellar content, Galaxy: structure, stars: distances, stars: general},
     year = 2014,
    month = aug,
   volume = 790,
      eid = {127},
    pages = {127},
      doi = {10.1088/0004-637X/790/2/127},
   adsurl = {http://adsabs.harvard.edu/abs/2014ApJ...790..127B},
  adsnote = {Provided by the SAO/NASA Astrophysics Data System}
}

@ARTICLE{Jofre2014,
   author = {{Jofr{\'e}}, P. and {Heiter}, U. and {Soubiran}, C. and {Blanco-Cuaresma}, S. and 
	{Worley}, C.~C. and {Pancino}, E. and {Cantat-Gaudin}, et al.},
    title = "{Gaia FGK benchmark stars: Metallicity}",
  journal = {\aap},
archivePrefix = "arXiv",
   eprint = {1309.1099},
 keywords = {standards, techniques: spectroscopic, surveys, stars: fundamental parameters},
     year = 2014,
    month = apr,
   volume = 564,
      eid = {A133},
    pages = {A133},
      doi = {10.1051/0004-6361/201322440},
   adsurl = {http://adsabs.harvard.edu/abs/2014A%26A...564A.133J},
  adsnote = {Provided by the SAO/NASA Astrophysics Data System}
}

@ARTICLE{BJ2013,
   author = {{Bailer-Jones}, C.~A.~L. and {Andrae}, R. and {Arcay}, B. and 
	{Astraatmadja}, T. and {Bellas-Velidis}, I. and {Berihuete}, A. and 
	{Bijaoui}, A. and {Carri{\'o}n}, C. and {Dafonte}, C. and {Damerdji}, Y. and 
	{Dapergolas}, A. and {de Laverny}, P. and {Delchambre}, L. and 
	{Drazinos}, P. and {Drimmel}, R. and {Fr{\'e}mat}, Y. and {Fustes}, D. and 
	{Garc{\'{\i}}a-Torres}, M. and {Gu{\'e}d{\'e}}, C. and {Heiter}, U. and 
	{Janotto}, A.-M. and {Karampelas}, A. and {Kim}, D.-W. and {Knude}, J. and 
	{Kolka}, I. and {Kontizas}, E. and {Kontizas}, M. and {Korn}, A.~J. and 
	{Lanzafame}, A.~C. and {Lebreton}, Y. and {Lindstr{\o}m}, H. and 
	{Liu}, C. and {Livanou}, E. and {Lobel}, A. and {Manteiga}, M. and 
	{Martayan}, C. and {Ordenovic}, C. and {Pichon}, B. and {Recio-Blanco}, A. and 
	{Rocca-Volmerange}, B. and {Sarro}, L.~M. and {Smith}, K. and 
	{Sordo}, R. and {Soubiran}, C. and {Surdej}, J. and {Th{\'e}venin}, F. and 
	{Tsalmantza}, P. and {Vallenari}, A. and {Zorec}, J.},
    title = "{The Gaia astrophysical parameters inference system (Apsis). Pre-launch description}",
  journal = {\aap},
archivePrefix = "arXiv",
   eprint = {1309.2157},
 primaryClass = "astro-ph.IM",
 keywords = {galaxies: fundamental parameters, methods: data analysis, methods:, statistical, stars: fundamental parameters, surveys},
     year = 2013,
    month = nov,
   volume = 559,
      eid = {A74},
    pages = {A74},
      doi = {10.1051/0004-6361/201322344},
   adsurl = {http://adsabs.harvard.edu/abs/2013A%26A...559A..74B},
  adsnote = {Provided by the SAO/NASA Astrophysics Data System}
}


@ARTICLE{Koleva2009,
   author = {{Koleva}, M. and {Prugniel}, P. and {Bouchard}, A. and {Wu}, Y.
	},
    title = "{ULySS: a full spectrum fitting package}",
  journal = {\aap},
archivePrefix = "arXiv",
   eprint = {0903.2979},
 primaryClass = "astro-ph.IM",
 keywords = {techniques: spectroscopic, methods: data analysis, galaxies: stellar content, stars: fundamental parameters},
     year = 2009,
    month = jul,
   volume = 501,
    pages = {1269-1279},
      doi = {10.1051/0004-6361/200811467},
   adsurl = {http://adsabs.harvard.edu/abs/2009A%26A...501.1269K},
  adsnote = {Provided by the SAO/NASA Astrophysics Data System}
}


@ARTICLE{Liu2014,
   author = {{Liu}, C. and {Deng}, L.-C. and {Carlin}, J.~L. and {Smith}, M.~C. and 
	{Li}, J. and {Newberg}, H.~J. and {Gao}, S. and {Yang}, F. and 
	{Xue}, X.-X. and {Xu}, Y. and {Zhang}, Y.-Y. and {Xin}, Y. and 
	{Wu}, Y. and {Jin}, G.},
    title = "{The K Giant Stars from the LAMOST Survey Data. I. Identification, Metallicity, and Distance}",
  journal = {\apj},
archivePrefix = "arXiv",
   eprint = {1404.4871},
 keywords = {Galaxy: halo, Galaxy: structure, stars: abundances, stars: distances, stars: individual: K giants },
     year = 2014,
    month = aug,
   volume = 790,
      eid = {110},
    pages = {110},
      doi = {10.1088/0004-637X/790/2/110},
   adsurl = {http://adsabs.harvard.edu/abs/2014ApJ...790..110L},
  adsnote = {Provided by the SAO/NASA Astrophysics Data System}
}


@ARTICLE{Zhao2001,
   author = {{Zhao}, G. and {Qiu}, H.~M. and {Mao}, S.},
    title = "{High-Resolution Spectroscopic Observations of Hipparcos Red Clump Giants: Metallicity and Mass Determinations}",
  journal = {\apjl},
 keywords = {Stars: Abundances, Stars: Distances, Stars: Late-Type},
     year = 2001,
    month = apr,
   volume = 551,
    pages = {L85-L88},
      doi = {10.1086/319832},
   adsurl = {http://adsabs.harvard.edu/abs/2001ApJ...551L..85Z},
  adsnote = {Provided by the SAO/NASA Astrophysics Data System}
}



@ARTICLE{SM2014,
   author = {{Smiljanic}, R. and {Korn}, A.~J. and {Bergemann}, M. and {Frasca}, A. and 
	{Magrini}, L. and {Masseron}, T. and {Pancino}, E. and {Ruchti}, G. and 
	{San Roman},et. al.},
    title = "{The Gaia-ESO Survey: The analysis of high-resolution UVES spectra of FGK-type stars}",
  journal = {\aap},
archivePrefix = "arXiv",
   eprint = {1409.0568},
 primaryClass = "astro-ph.SR",
 keywords = {methods: data analysis, surveys, stars: abundances, stars: fundamental parameters, stars: late-type},
     year = 2014,
    month = oct,
   volume = 570,
      eid = {A122},
    pages = {A122},
      doi = {10.1051/0004-6361/201423937},
   adsurl = {http://adsabs.harvard.edu/abs/2014A%26A...570A.122S},
  adsnote = {Provided by the SAO/NASA Astrophysics Data System}
}

@INPROCEEDINGS{Majewski2012,
   author = {{Majewski}, S.~R.},
    title = "{APOGEE -- SDSS-III's Other Milky Way Experiment}",
booktitle = {American Astronomical Society Meeting Abstracts 219},
     year = 2012,
   series = {American Astronomical Society Meeting Abstracts},
   volume = 219,
    month = jan,
    pages = {205.06},
   adsurl = {http://adsabs.harvard.edu/abs/2012AAS...21920506M},
  adsnote = {Provided by the SAO/NASA Astrophysics Data System}
}



@ARTICLE{RB2006,
   author = {{Recio-Blanco}, A. and {Bijaoui}, A. and {de Laverny}, P.},
    title = "{Automated derivation of stellar atmospheric parameters and chemical abundances: the MATISSE algorithm}",
  journal = {\mnras},
   eprint = {astro-ph/0604385},
 keywords = {methods: data analysis: techniques: spectroscopic: stars: abundances: stars: fundamental parameters: Galaxy: stellar content, methods: data analysis, techniques: spectroscopic, stars: abundances, stars: fundamental parameters, Galaxy: stellar content},
     year = 2006,
    month = jul,
   volume = 370,
    pages = {141-150},
      doi = {10.1111/j.1365-2966.2006.10455.x},
   adsurl = {http://adsabs.harvard.edu/abs/2006MNRAS.370..141R},
  adsnote = {Provided by the SAO/NASA Astrophysics Data System}
}

@ARTICLE{gonzalez2009,
   author = {{Gonzalez}, O.~A. and {Zoccali}, M. and {Monaco}, L. and {Hill}, V. and 
	{Cassisi}, S. and {Minniti}, D. and {Renzini}, A. and {Barbuy}, B. and 
	{Ortolani}, S. and {Gomez}, A.},
    title = "{Li-rich red giant branch stars in the Galactic bulge}",
  journal = {\aap},
archivePrefix = "arXiv",
   eprint = {0907.4372},
 primaryClass = "astro-ph.SR",
 keywords = {stars: abundances, stars: late-type, Galaxy: bulge},
     year = 2009,
    month = dec,
   volume = 508,
    pages = {289-295},
      doi = {10.1051/0004-6361/200912469},
   adsurl = {http://adsabs.harvard.edu/abs/2009A%26A...508..289G},
  adsnote = {Provided by the SAO/NASA Astrophysics Data System}
}

@ARTICLE{girardi2000,
   author = {{Girardi}, L. and {Bressan}, A. and {Bertelli}, G. and {Chiosi}, C.
	},
    title = "{Evolutionary tracks and isochrones for low- and intermediate-mass stars: From 0.15 to 7 M_{sun}, and from Z=0.0004 to 0.03}",
  journal = {\aaps},
     year = 2000,
    month = feb,
   volume = 141,
    pages = {371-383},
  adsnote = {Provided by the Smithsonian/NASA Astrophysics Data System}
}

@ARTICLE{barrado2001,
   author = {{Barrado y Navascu{\'e}s}, D. and {Deliyannis}, C.~P. and {Stauffer}, J.~R.
	},
    title = "{WIYN Open Cluster Study. V. Lithium Depletion and Metallicity in G and K Dwarfs of the Open Cluster M35}",
  journal = {\apj},
   eprint = {astro-ph/0011125},
 keywords = {Galaxy: Open Clusters and Associations: Individual: Messier Number: M35, Galaxy: Open Clusters and Associations: Individual: NGC Number: NGC 2168, Stars: Abundances, Stars: Evolution, Stars: Late-Type},
     year = 2001,
    month = mar,
   volume = 549,
    pages = {452-466},
      doi = {10.1086/319045},
   adsurl = {http://adsabs.harvard.edu/abs/2001ApJ...549..452B},
  adsnote = {Provided by the SAO/NASA Astrophysics Data System}
}

@ARTICLE{Ting2012,
   author = {{Ting}, Y.-S. and {Freeman}, K.~C. and {Kobayashi}, C. and {De Silva}, G.~M. and 
	{Bland-Hawthorn}, J.},
    title = "{Principal component analysis on chemical abundances spaces}",
  journal = {\mnras},
archivePrefix = "arXiv",
   eprint = {1112.3207},
 primaryClass = "astro-ph.SR",
 keywords = {methods: data analysis, stars: abundances, stars: AGB and post-AGB, supernovae: general, ISM: abundances, ISM: evolution},
     year = 2012,
    month = apr,
   volume = 421,
    pages = {1231-1255},
      doi = {10.1111/j.1365-2966.2011.20387.x},
   adsurl = {http://adsabs.harvard.edu/abs/2012MNRAS.421.1231T},
  adsnote = {Provided by the SAO/NASA Astrophysics Data System}
}

